@online{langhoff,
  author = "Langhoff, Tobias V.",
  title = "Guide to making a CHIP-8 emulator",
  url = "https://tobiasvl.github.io/blog/write-a-chip-8-emulator/",
  urldate = "2024-02-12",
}

@online{chip8research,
  author = "CHIP-8 Research Facility",
  title = "CHIP-8 extensions and compatibility",
  url = "https://chip-8.github.io/extensions/",
  urldate = "2024-02-12",
}

@online{bryntse,
  author = "Bryntse, Erik",
  title = "SUPER-CHIP v1.1 (now with scrolling)",
  date = "1991-05-28",
  url = "http://devernay.free.fr/hacks/chip8/schip.txt",
  urldate = "2024-02-12",
}

@online{gulrak,
  author = "Sch√ºmann, Steffen",
  title = "CHIP-8 Variant Opcode Table",
  url = "https://chip8.gulrak.net/",
  urldate = "2024-02-12",
}

@online{rsorg,
  title = "Rust Programming Language",
  url = "https://www.rust-lang.org/",
  urldate = "2024-02-13",
}

@book{rustbook,
  author = "Klabnik, Steve and Nichols, Carol and contribuitorii din Comunitatea Rust",
  title = "The Rust Programming Language",
  publisher = "No Starch Press",
  url = "https://doc.rust-lang.org/stable/book/",
}

@online{egui,
  author = "Ernerfeldt, Emil",
  title = "egui: an easy-to-use GUI in pure Rust",
  url = "https://github.com/emilk/egui",
  urldate = "2024-02-13",
}

@phdthesis{edolstra,
  author = "Dolstra, Eelco",
  title = "The Purely Functional Software Deployment Model",
  school = "Universitatea din Utrecht",
  year = "2006",
  month = "01",
  keywords = "nix",
}

@online{eguilog,
  author = "Regen, Jacob and Bratoveanu, Nicolas",
  title = "egui\_logger v0.4.3",
  url = "https://github.com/RegenJacob/egui_logger/releases/tag/v0.4.3",
  urldate = "2024-02-15",
}

